<?xml version="1.0" encoding="UTF-8"?><record xmlns="http://www.loc.gov/MARC21/slim" xmlns:cinclude="http://apache.org/cocoon/include/1.0" xmlns:zs="http://www.loc.gov/zing/srw/">
  <leader>00402nz  a2200121n  4500</leader>
  <controlfield tag="001">n 2008043179</controlfield>
  <controlfield tag="003">DLC</controlfield>
  <controlfield tag="005">20080627080439.0</controlfield>
  <controlfield tag="008">080626n| acannaabn          |n aaa      </controlfield>
  <datafield tag="010" ind1=" " ind2=" ">
    <subfield code="a">n 2008043179</subfield>
  </datafield>
  <datafield tag="040" ind1=" " ind2=" ">
    <subfield code="a">DLC</subfield>
    <subfield code="b">eng</subfield>
    <subfield code="c">DLC</subfield>
  </datafield>
  <datafield tag="100" ind1="1" ind2=" ">
    <subfield code="a">Aubry, Giulia</subfield>
  </datafield>
  <datafield tag="670" ind1=" " ind2=" ">
    <subfield code="a">Netzwerk Kommunikation in Zeiten der Krise, 2007:</subfield>
    <subfield code="b">t.p. (Giulia Aubry) p. 341 (lecturer in Political communication at University ROMA TRE in Italy)</subfield>
  </datafield>
</record>